@article{paefgen2013evaluation,
  title={Evaluation and aggregation of pay-as-you-drive insurance rate factors: A classification analysis approach},
  author={Paefgen, Johannes and Staake, Thorsten and Thiesse, Fr{\'e}d{\'e}ric},
  journal={Decision Support Systems},
  volume={56},
  pages={192--201},
  year={2013},
  publisher={Elsevier}
}

@article{chawla2002smote,
  title={SMOTE: synthetic minority over-sampling technique},
  author={Chawla, Nitesh V and Bowyer, Kevin W and Hall, Lawrence O and Kegelmeyer, W Philip},
  journal={Journal of artificial intelligence research},
  volume={16},
  pages={321--357},
  year={2002}
}

@misc{DickJones,
  author= {{Dick Jones Communications}},
  year  = {2013},
  title = {Threat to privacy found in auto insurance "pay as you drive" programs},
  note  = {\url{www.sciencedaily.com/releases/2013/09/130910165316.htm}, Last accessed on 2020-09-10},
}

@article{troncoso2010pripayd,
  title={Pripayd: Privacy-friendly pay-as-you-drive insurance},
  author={Troncoso, Carmela and Danezis, George and Kosta, Eleni and Balasch, Josep and Preneel, Bart},
  journal={IEEE Transactions on Dependable and Secure Computing},
  volume={8},
  number={5},
  pages={742--755},
  year={2010},
  publisher={IEEE}
}

@article{boucher2017exposure,
  title={Exposure as duration and distance in telematics motor insurance using generalized additive models},
  author={Boucher, Jean-Philippe and C{\^o}t{\'e}, Steven and Guillen, Montserrat},
  journal={Risks},
  volume={5},
  number={4},
  pages={54},
  year={2017},
  publisher={Multidisciplinary Digital Publishing Institute}
}

@inproceedings{dewri2013inferring,
  title={Inferring trip destinations from driving habits data},
  author={Dewri, Rinku and Annadata, Prasad and Eltarjaman, Wisam and Thurimella, Ramakrishna},
  booktitle={Proceedings of the 12th ACM workshop on privacy in the electronic society},
  pages={267--272},
  year={2013}
}

@article{ayuso2019improving,
  title={Improving automobile insurance ratemaking using telematics: incorporating mileage and driver behaviour data},
  author={Ayuso, Mercedes and Guillen, Montserrat and Nielsen, Jens Perch},
  journal={Transportation},
  volume={46},
  number={3},
  pages={735--752},
  year={2019},
  publisher={Springer}
}

@article{roel2017unraveling,
  title={Unraveling the predictive power of telematics data in car insurance pricing},
  author={Verbelen, Roel and Antonio, Katrien and Claeskens, Gerda},
  journal={Available at SSRN 2872112},
  year={2017}
}

@article{lemaire2015use,
  title={The use of annual mileage as a rating variable},
  author={Lemaire, Jean and Park, Sojung Carol and Wang, Kili},
  journal={Astin Bulletin},
  volume={46},
  number={1},
  pages={39},
  year={2015}
}

@article{vickrey1968automobile,
  title={Automobile accidents, tort law, externalities, and insurance: An economist's critique},
  author={Vickrey, William},
  journal={Law and Contemporary Problems},
  volume={33},
  number={3},
  pages={464--487},
  year={1968},
  publisher={JSTOR}
}

@article{huang2019automobile,
  title={Automobile insurance classification ratemaking based on telematics driving data},
  author={Huang, Yifan and Meng, Shengwang},
  journal={Decision Support Systems},
  volume={127},
  pages={113156},
  year={2019},
  publisher={Elsevier}
}

@article{wuthrich2017covariate,
  title={Covariate selection from telematics car driving data},
  author={W{\"u}thrich, Mario V},
  journal={European Actuarial Journal},
  volume={7},
  number={1},
  pages={89--108},
  year={2017},
  publisher={Springer}
}

@article{gao2018feature,
  title={Feature extraction from telematics car driving heatmaps},
  author={Gao, Guangyuan and W{\"u}thrich, Mario V},
  journal={European Actuarial Journal},
  volume={8},
  number={2},
  pages={383--406},
  year={2018},
  publisher={Springer}
}

@article{greenberg2009,
title = {Designing pay-per-mile auto insurance regulatory incentives},
journal = {Transportation Research Part D: Transport and Environment},
volume = {14},
number = {6},
pages = {437-445},
year = {2009},
note = {The interaction of environmental and traffic safety policies},
issn = {1361-9209},
doi = {https://doi.org/10.1016/j.trd.2009.01.003},
url = {https://www.sciencedirect.com/science/article/pii/S1361920909000133},
author = {Allen Greenberg},
abstract = {By converting fixed insurance costs to per-mile charges, pay-as-you-drive-and-you-save (PAYDAYS) insurance would encourage voluntary reductions in driving with concomitant decreases in congestion, air pollution, greenhouse gas emissions, crashes, and insurance claims. Public policies have at time been deployed to require or reward environmental performance in the sale of transportation-related products in the marketplace. For example, the US National Highway Traffic Safety Administration has issued both proposed and final fuel economy rules intended to maximize net benefits through the use of marginal cost-benefit analysis. This paper explores how an analogous benefit-maximizing rule could be structured to encourage adoption of PAYDAYS insurance. The key to designing such a benefit-maximizing rule is to: estimate the net benefits of every mile not driven; estimate the reduction in mileage that would result from PAYDAYS insurance; and, apply these estimates to the calculation of net benefits of every PAYDAYS-insured mile. A mechanism by which the industry itself funds the incentive payments is described, as are alternatives.}
}

@book{bordoff2008,
  title = {The impact of pay-as-you-drive auto insurance in California},
  author = {Bordoff, Jason E and Noel, Pascal J},
  year = {2008},
  publisher = {Brookings Institution}
}

@article{litman2007,
  title={Distance-based vehicle insurance feasibility, costs and benefits},
  author={Litman, Todd},
  journal={Victoria},
  volume={11},
  year={2007}
}

@article{boucher2020longitudinal,
  title={A Longitudinal Analysis of the Impact of Distance Driven on the Probability of Car Accidents},
  author={Boucher, Jean-Philippe and Turcotte, Roxane},
  journal={Risks},
  volume={8},
  number={3},
  pages={91},
  year={2020},
  publisher={Multidisciplinary Digital Publishing Institute}
}

@article{weidner2016classification,
  title={Classification of scale-sensitive telematic observables for riskindividual pricing},
  author={Weidner, Wiltrud and Transchel, Fabian WG and Weidner, Robert},
  journal={European Actuarial Journal},
  volume={6},
  number={1},
  pages={3--24},
  year={2016},
  publisher={Springer}
}

@article{gao2019convolutional,
  title={Convolutional neural network classification of telematics car driving data},
  author={Gao, Guangyuan and W{\"u}thrich, Mario V},
  journal={Risks},
  volume={7},
  number={1},
  pages={6},
  year={2019},
  publisher={Multidisciplinary Digital Publishing Institute}
}

@article{gao2018driving,
  title={Driving risk evaluation based on telematics data},
  author={Gao, Guangyuan and Wuthrich, Mario V and Yang, Hanfang},
  journal={Available at SSRN 3288347},
  year={2018}
}

@article{nelder1972generalized,
  title={Generalized linear models},
  author={Nelder, John Ashworth and Wedderburn, Robert WM},
  journal={Journal of the Royal Statistical Society: Series A (General)},
  volume={135},
  number={3},
  pages={370--384},
  year={1972},
  publisher={Wiley Online Library}
}

@article{tibshirani1996regression,
  title={Regression shrinkage and selection via the lasso},
  author={Tibshirani, Robert},
  journal={Journal of the Royal Statistical Society: Series B (Methodological)},
  volume={58},
  number={1},
  pages={267--288},
  year={1996},
  publisher={Wiley Online Library}
}

@article{friedman2010regularization,
  title={Regularization paths for generalized linear models via coordinate descent},
  author={Friedman, Jerome and Hastie, Trevor and Tibshirani, Rob},
  journal={Journal of statistical software},
  volume={33},
  number={1},
  pages={1},
  year={2010},
  publisher={NIH Public Access}
}

@misc{hastie2016introduction,
  title={An Introduction to glmnet},
  author={Hastie, Trevor and Qian, Junyang and Tay, Kenneth},
  year={2016}
}

@book{hastie2015statistical,
  title={Statistical learning with sparsity: the lasso and generalizations},
  author={Hastie, Trevor and Tibshirani, Robert and Wainwright, Martin},
  year={2015},
  publisher={CRC press}
}

@article{perez2019semi,
  title={Semi-autonomous vehicles: Usage-based data evidences of what could be expected from eliminating speed limit violations},
  author={P{\'e}rez-Mar{\'\i}n, Ana M and Guillen, Montserrat},
  journal={Accident Analysis \& Prevention},
  volume={123},
  pages={99--106},
  year={2019},
  publisher={Elsevier}
}

@article{pesantez2019predicting,
  title={Predicting motor insurance claims using telematics dataâ€”XGBoost versus logistic regression},
  author={Pesantez-Narvaez, Jessica and Guillen, Montserrat and Alca{\~n}iz, Manuela},
  journal={Risks},
  volume={7},
  number={2},
  pages={70},
  year={2019},
  publisher={Multidisciplinary Digital Publishing Institute}
}

@article{yeo2000new,
  title={A new family of power transformations to improve normality or symmetry},
  author={Yeo, In-Kwon and Johnson, Richard A},
  journal={Biometrika},
  volume={87},
  number={4},
  pages={954--959},
  year={2000},
  publisher={Oxford University Press}
}

@article{zou2003regression,
  title={Regression shrinkage and selection via the elastic net, with applications to microarrays},
  author={Zou, Hui and Hastie, Trevor},
  journal={JR Stat Soc Ser B},
  volume={67},
  pages={301--20},
  year={2003}
}

@inproceedings{tikhonov1963solution,
  title={On the solution of ill-posed problems and the method of regularization},
  author={Tikhonov, Andrei Nikolaevich},
  booktitle={Doklady Akademii Nauk},
  volume={151},
  number={3},
  pages={501--504},
  year={1963},
  organization={Russian Academy of Sciences}
}

@article{breiman2001random,
  title={Random forests},
  author={Breiman, Leo},
  journal={Machine learning},
  volume={45},
  number={1},
  pages={5--32},
  year={2001},
  publisher={Springer}
}

@book{breiman1984classification,
  title={Classification and regression trees},
  author={Breiman, Leo and Friedman, Jerome and Stone, Charles J and Olshen, Richard A},
  year={1984},
  publisher={CRC press}
}

@article{boucher2007risk,
  title={Risk classification for claim counts: a comparative analysis of various zeroinflated mixed Poisson and hurdle models},
  author={Boucher, Jean-Philippe and Denuit, Michel and Guill{\'e}n, Montserrat},
  journal={North American Actuarial Journal},
  volume={11},
  number={4},
  pages={110--131},
  year={2007},
  publisher={Taylor \& Francis}
}

@online{howell2013,
  author = {Philip Howell},
  title = {Usage-Based Automobile Insurance Pricing in Ontario (2013)},
  year = 2013,
  url = {https://www.fsrao.ca/industry/auto-insurance-sector/guidance/archived/usage-based-automobile-insurance-pricing-ontario-2013},
  date = {2021-03-29}
}

@online{steplencodeglm,
  author = {Documentation R},
  title = {Supervised Factor Conversions into Linear Functions using Likelihood Encodings},
  url = {http://finzi.psych.upenn.edu/library/embed/html/step_lencode_glm.html},
  date = {2021-04-09}
}

@online{stepbagimpute,
  author = {Documentation R},
  title = {Imputation via Bagged Trees},
  url = {http://search.r-project.org/library/recipes/html/step_bagimpute.html},
  date = {2021-04-09}
}

@article{zou2005regularization,
  title={Regularization and variable selection via the elastic net},
  author={Zou, Hui and Hastie, Trevor},
  journal={Journal of the royal statistical society: series B (statistical methodology)},
  volume={67},
  number={2},
  pages={301--320},
  year={2005},
  publisher={Wiley Online Library}
}

@article{snoek2012practical,
  title={Practical bayesian optimization of machine learning algorithms},
  author={Snoek, Jasper and Larochelle, Hugo and Adams, Ryan P},
  journal={arXiv preprint arXiv:1206.2944},
  year={2012}
}

@article{baecke2017value,
  title={The value of vehicle telematics data in insurance risk selection processes},
  author={Baecke, Philippe and Bocca, Lorenzo},
  journal={Decision Support Systems},
  volume={98},
  pages={69--79},
  year={2017},
  publisher={Elsevier}
}

@article{breiman1996bagging,
  title={Bagging predictors},
  author={Breiman, Leo},
  journal={Machine learning},
  volume={24},
  number={2},
  pages={123--140},
  year={1996},
  publisher={Springer}
}

@book{kuhn2019feature,
  title={Feature engineering and selection: A practical approach for predictive models},
  author={Kuhn, Max and Johnson, Kjell},
  year={2019},
  publisher={CRC Press}
}